 
@Article{bib:article:shadow_perception,
  Author = {Paulo E. Santos and Casati, Roberto and P. Cavanagh},
  Title = {Perception, cognition and reasoning about shadows},
  Journal = {Spatial Cognition \& Computation},
  Year = {2018},
  Number = {2},
  Pages = {78--85},
  Volume = {18},
  Publisher = {Taylor \& Francis},
  Doi = {10.1080/13875868.2017.1377204},
  URL = { 
    https://doi.org/10.1080/13875868.2017.1377204
  },
  Eprint = { 
    https://doi.org/10.1080/13875868.2017.1377204
  }
}

@Article{bib:article:depth_shadows,
  author = {Daniel Kersten and Mamassian, Pascal and D. Knill},
  title = {Moving Cast Shadows Induce Apparent Motion in Depth},
  journal = {Perception},
  volume = {26},
  number = {2},
  pages = {171--192},
  year = {1997},
  doi = {10.1068/p260171},
  note ={PMID: 9274752},
  URL = {
    https://doi.org/10.1068/p260171
  },
  eprint = {  
    https://doi.org/10.1068/p260171
  }
}

%TODO: is this the right address? and why is it needed? and where do I get it from?
@Book{bib:book:real_time_rendering,
  Title                    = {Real-Time Rendering, Fourth Edition},
  Author                   = {Thomas Akenine-Moller and Haines, Eric and N. Hoffman},
  Publisher                = {Taylor \& Francis Ltd},
  Year                     = {2018},
  Address                  = {Boca Raton},
  ISBN                     = {978-1-1386-2700-0}
}

@Article{bib:article:blinn_shadows,
  title = {Me and My (Fake) Shadow},
  author = {Blinn, J.},
  journal = {IEEE Comput. Graph. Appl.},
  year = {1988},
  number = {1},
  pages = {82–-86},
  volume = {8}
}

@Article{bib:article:wiliams_curved_shadows,
  title = {Casting curved shadows on curved surfaces},
  author = {Williams, Lance},
  journal = {SIGGRAPH Comput. Graph.},
  year = {1978},
  number = {3},
  pages = {270–-274},
  volume = {12}
}

@article{bib:article:wan_cubemaps,
  title={Isocube: Exploiting the Cubemap Hardware}, 
  author={Liang Wan and Wong, Tien-Tsin and Leung, C.},
  journal={IEEE Transactions on Visualization and Computer Graphics}, 
  year={2007},
  number={4},
  pages={720--731},
  volume={13},
}

@InProceedings{bib:proc:bittner_caster_culling,
  title = {Shadow caster culling for efficient shadow mapping},
  author = {Ji\v{r}\'{\i} Bittner and Mattausch, Oliver and A. Silvennoinen},
  booktitle = {Symposium on Interactive 3D Graphics and Games},
  Year = {2011}, 
  pages = {81-–88}
}

@techreport{bib:rep:wang_second_depth_mapping,
  title = {Second-Depth Shadow Mapping},
  author = {Wang, Yulan and Steven Molnar},
  publisher = {University of North Carolina at Chapel Hill},
  year = {1994},
  address = {USA}
}

@inbook{bib:book:woo_midpoint_depth_map,
  title = {The shadow depth map revisited},
  author = {Woo, Andrew},
  year = {1992},
  isbn = {0124096719},
  publisher = {Academic Press Professional, Inc.},
  address = {USA},
  booktitle = {Graphics Gems III},
  pages = {338–-342},
  numpages = {5}
}

@Article{bib:article:brabec_linear_depth,
  Title                    = {Practical Shadow Mapping},
  Author                   = {Brabec, Stefan and Thomas Annen and H.-P. Seidel},
  Journal                  = {Journal of Graphics Tools},
  Year                     = {2002},
  Number                   = {4},
  Pages                    = {9--18},
  Volume                   = {7}
}

@inproceedings{bib:proc:luritzen_sample_dist_shadow_maps,
  author = {Lauritzen, Andrew and Salvi, Marco and Lefohn, Aaron},
  year = {2011},
  month = {02},
  pages = {97-102},
  title = {Sample distribution Shadow Maps},
  doi = {10.1145/1944745.1944761}
}

% required: authors, title, publisher and year
@Book{bib:book,
  Title                    = {Title of a book},
  Author                   = {Name Surname and Name Surname},
  Publisher                = {Publisher},
  Year                     = {2017},
  Address                  = {Hong Kong},
  ISBN                     = {83-204-3229-9-434}
}

% required: authors, title, journal, number, volume, pages and year (all)
@Article{bib:article,
  Title                    = {Title of an article in a journal},
  Author                   = {Surname, Name and Name Surname},
  Journal                  = {Journal Title},
  Year                     = {2016},
  Number                   = {8},
  Pages                    = {1092--1113},
  Volume                   = {157}
}

@InProceedings{bib:conference,
  Title                    = {Title of a conference article},
  Author                   = {Name Surname and Surname, Name and N. Surname},
  Booktitle                = {Conference title},
  Year                     = {2006}, 
  Pages                    = {5346--5349}
}

% required: url and access date
@online{bib:internet,
  author                   = {Name Surname and Surname, Name and N. Surname},
  title                    = {Title of a web page},
  year                     = {2021}, 
  url                      = {http://somewhere/on/the/internet.html},
  urldate                  = {2021-09-30}
}
